<?xml version="1.0" encoding="UTF-8"?>
<collection xmlns:xsi="http://www.w3.org/2001/XMLSchema-instance" xsi:schemaLocation="http://www.loc.gov/MARC21/slim http://www.loc.gov/standards/marcxml/schema/MARC21slim.xsd" xmlns="http://www.loc.gov/MARC21/slim">
<record>
  <leader>01085cam a2200289Ma 4500</leader>
  <controlfield tag="001">783834</controlfield>
  <controlfield tag="003">NNC</controlfield>
  <controlfield tag="005">20140725103435.0</controlfield>
  <controlfield tag="008">891218s1983    ir fh    b    000 0 araod</controlfield>
  <datafield tag="020" ind1=" " ind2=" ">
    <subfield code="c">350.00IR</subfield>
  </datafield>
  <datafield tag="035" ind1=" " ind2=" ">
    <subfield code="a">(OCoLC)ocm21241062</subfield>
  </datafield>
  <datafield tag="035" ind1=" " ind2=" ">
    <subfield code="a">(CStRLIN)NYCG89-B69875</subfield>
  </datafield>
  <datafield tag="035" ind1=" " ind2=" ">
    <subfield code="9">ADZ9814CU</subfield>
  </datafield>
  <datafield tag="040" ind1=" " ind2=" ">
    <subfield code="a">NYP</subfield>
    <subfield code="c">NYP</subfield>
  </datafield>
  <datafield tag="041" ind1="0" ind2=" ">
    <subfield code="a">araper</subfield>
  </datafield>
  <datafield tag="090" ind1=" " ind2=" ">
    <subfield code="f">h</subfield>
  </datafield>
  <datafield tag="245" ind1="1" ind2="0">
    <subfield code="a">Lisān al-tanzīl :</subfield>
    <subfield code="b">zabān-i Qurʾān : taʾlīf-i qarn-i chahārum yā panjum-i Hijrī : bi-inz̤imām-i farhang-i lughāt /</subfield>
    <subfield code="c">bi-ihtimām-i Mahdī Muḥaqqiq.</subfield>
  </datafield>
  <datafield tag="250" ind1=" " ind2=" ">
    <subfield code="a">Chāp-i 2. [i.e. 3].</subfield>
  </datafield>
  <datafield tag="260" ind1=" " ind2=" ">
    <subfield code="a">[Tehran] :</subfield>
    <subfield code="b">Markaz-i Intishārāt-i ʻIlmī va Farhangī, vābastah bih Vizārat-i Farhang va Āmūzish-i ʻĀlī,</subfield>
    <subfield code="c">1983.</subfield>
  </datafield>
  <datafield tag="300" ind1=" " ind2=" ">
    <subfield code="a">35, 389, [2] p. of plates :</subfield>
    <subfield code="b">facsims. ;</subfield>
    <subfield code="c">23 cm.</subfield>
  </datafield>
  <datafield tag="490" ind1="0" ind2=" ">
    <subfield code="a">Majmūʻah-ʾi mīrās̲-i Īrān va Islām</subfield>
  </datafield>
  <datafield tag="500" ind1=" " ind2=" ">
    <subfield code="a">Arabic and Persian.</subfield>
  </datafield>
  <datafield tag="500" ind1=" " ind2=" ">
    <subfield code="a">Title on added t.p.: Lesan āl-tanzil.</subfield>
  </datafield>
  <datafield tag="504" ind1=" " ind2=" ">
    <subfield code="a">Includes bibliographical references.</subfield>
  </datafield>
  <datafield tag="630" ind1="0" ind2="0">
    <subfield code="a">Koran.</subfield>
  </datafield>
  <datafield tag="700" ind1="1" ind2=" ">
    <subfield code="a">Muḥaqqiq, Mahdī.</subfield>
  </datafield>
  <datafield tag="740" ind1="0" ind2=" ">
    <subfield code="a">Lesan āl-tanzil.</subfield>
  </datafield>
  <datafield tag="955" ind1=" " ind2=" ">
    <subfield code="b">CU59636858</subfield>
    <subfield code="d">off,glx</subfield>
    <subfield code="e">ME18332</subfield>
  </datafield>
</record>
</collection>